<?xml version="1.0" encoding="UTF-8"?><collection xmlns="http://www.loc.gov/MARC21/slim"><record><leader>00562nam--2200169-i-4500</leader><controlfield tag="001">000009153</controlfield><controlfield tag="002">20161230</controlfield><controlfield tag="005">20161230201028</controlfield><controlfield tag="008">060222s1000------------r-----000-0-eng-d</controlfield><datafield ind1=" " ind2=" " tag="040"><subfield code="a">IFIN-HH</subfield></datafield><datafield ind1=" " ind2=" " tag="080"><subfield code="a">539.2:539.12.04:536.21:535.376</subfield></datafield><datafield ind1="1" ind2=" " tag="100"><subfield code="a">Buckman, William Gordon</subfield></datafield><datafield ind1="1" ind2="0" tag="245"><subfield code="a">Thermoluminescence and associated physical phe nomena of irradiated ionic crystals</subfield><subfield code="b">Dissertation</subfield><subfield code="c">William gordon buckman</subfield></datafield><datafield ind1=" " ind2=" " tag="260"><subfield code="a">Ann Arbor, Michigan</subfield><subfield code="b">University Microfilms, Inc</subfield><subfield code="c">1967</subfield></datafield><datafield ind1=" " ind2=" " tag="300"><subfield code="a">XII + 117 P</subfield></datafield><datafield ind1=" " ind2=" " tag="852"><subfield code="a">32288</subfield><subfield code="c">539.2</subfield></datafield><datafield ind1=" " ind2=" " tag="CAT"><subfield code="a">Sys</subfield><subfield code="c">20121016</subfield><subfield code="h">172002</subfield></datafield></record></collection>